<record><leader>00000cas a22000007a 4500</leader><controlfield tag="001">41970109</controlfield><controlfield tag="008">990728c19759999sduwr ne      0    0eng d</controlfield><datafield ind1=" " ind2=" " tag="010"><subfield code="a">sn 99067987 </subfield></datafield><datafield ind1=" " ind2=" " tag="040"><subfield code="a">SXN</subfield><subfield code="b">eng</subfield><subfield code="c">SXN</subfield><subfield code="d">OCLCF</subfield><subfield code="d">OCLCO</subfield></datafield><datafield ind1=" " ind2=" " tag="042"><subfield code="a">msc</subfield></datafield><datafield ind1=" " ind2=" " tag="043"><subfield code="a">n-us-sd</subfield></datafield><datafield ind1="0" ind2="4" tag="245"><subfield code="a">The Wessington Springs true Dakotan.</subfield></datafield><datafield ind1="1" ind2="7" tag="246"><subfield code="a">True Dakotan</subfield></datafield><datafield ind1="1" ind2="7" tag="246"><subfield code="a">True Dakotan/Alpena journal</subfield></datafield><datafield ind1="3" ind2="0" tag="246"><subfield code="a">Alpena journal Wessington Springs true Dakotan</subfield></datafield><datafield ind1=" " ind2=" " tag="260"><subfield code="a">Wessington Springs, S.D. :</subfield><subfield code="b">Tamblyn Print.,</subfield><subfield code="c">1975-</subfield></datafield><datafield ind1=" " ind2=" " tag="300"><subfield code="a">v.</subfield></datafield><datafield ind1=" " ind2=" " tag="310"><subfield code="a">Weekly</subfield></datafield><datafield ind1="0" ind2=" " tag="362"><subfield code="a">Vol. 1, issue 1 (Nov. 18, 1975)-</subfield></datafield><datafield ind1=" " ind2=" " tag="530"><subfield code="a">Available on microfilm from: State Archives, South Dakota State Historical Society.</subfield></datafield><datafield ind1=" " ind2="0" tag="651"><subfield code="a">Wessington Springs (S.D.)</subfield><subfield code="v">Newspapers.</subfield></datafield><datafield ind1=" " ind2="0" tag="651"><subfield code="a">Jerauld County (S.D.)</subfield><subfield code="v">Newspapers.</subfield></datafield><datafield ind1=" " ind2="7" tag="655"><subfield code="a">Newspapers.</subfield><subfield code="2">fast</subfield><subfield code="0">(OCoLC)fst01423814</subfield></datafield><datafield ind1=" " ind2="7" tag="651"><subfield code="a">South Dakota</subfield><subfield code="z">Jerauld County.</subfield><subfield code="2">fast</subfield><subfield code="0">(OCoLC)fst01215891</subfield></datafield><datafield ind1=" " ind2="7" tag="651"><subfield code="a">South Dakota</subfield><subfield code="z">Wessington Springs.</subfield><subfield code="2">fast</subfield><subfield code="0">(OCoLC)fst01306802</subfield></datafield><datafield ind1=" " ind2=" " tag="752"><subfield code="a">United States</subfield><subfield code="b">South Dakota</subfield><subfield code="c">Jerauld</subfield><subfield code="d">Wessington Springs.</subfield></datafield><datafield ind1="0" ind2="5" tag="780"><subfield code="t">Wessington Springs independent</subfield><subfield code="w">(DLC)sn 99067988</subfield></datafield></record>